<record><leader>00000cas a2200000 a 4500</leader><controlfield tag="001">11912149</controlfield><controlfield tag="008">850412d19131934inuwr ne      0    0eng c</controlfield><datafield ind1=" " ind2=" " tag="010"><subfield code="a">sn 85047764 </subfield></datafield><datafield ind1=" " ind2=" " tag="040"><subfield code="a">NPI</subfield><subfield code="b">eng</subfield><subfield code="c">NPI</subfield><subfield code="d">NPI</subfield><subfield code="d">OCLCQ</subfield><subfield code="d">IUL</subfield><subfield code="d">OCLCF</subfield></datafield><datafield ind1="1" ind2=" " tag="029"><subfield code="a">AU@</subfield><subfield code="b">000040449962</subfield></datafield><datafield ind1=" " ind2=" " tag="042"><subfield code="a">pcc</subfield></datafield><datafield ind1=" " ind2=" " tag="043"><subfield code="a">n-us-in</subfield></datafield><datafield ind1="0" ind2="4" tag="245"><subfield code="a">The plain dealer and The Republican.</subfield></datafield><datafield ind1=" " ind2=" " tag="260"><subfield code="a">North Vernon, Ind. :</subfield><subfield code="b">Calvert C. Klingner,</subfield><subfield code="c">1913-</subfield></datafield><datafield ind1=" " ind2=" " tag="300"><subfield code="a">v. :</subfield><subfield code="b">ill. ;</subfield><subfield code="c">57 cm.</subfield></datafield><datafield ind1=" " ind2=" " tag="310"><subfield code="a">Weekly</subfield></datafield><datafield ind1="0" ind2=" " tag="362"><subfield code="a">Vol. 49, no. 52 (Mar. 28, 1913)-</subfield></datafield><datafield ind1="1" ind2=" " tag="362"><subfield code="a">Ceased in 1934.</subfield></datafield><datafield ind1=" " ind2=" " tag="500"><subfield code="a">Title from masthead.</subfield></datafield><datafield ind1=" " ind2=" " tag="588"><subfield code="a">Latest issue consulted: Volume 63, no. 41 (December 27, 1923); U.S. Newspaper Archive (viewed Aug. 1, 2017).</subfield></datafield><datafield ind1=" " ind2="0" tag="651"><subfield code="a">North Vernon (Ind.)</subfield><subfield code="v">Newspapers.</subfield></datafield><datafield ind1=" " ind2="0" tag="651"><subfield code="a">Jennings County (Ind.)</subfield><subfield code="v">Newspapers.</subfield></datafield><datafield ind1=" " ind2="7" tag="651"><subfield code="a">Indiana</subfield><subfield code="z">Jennings County.</subfield><subfield code="2">fast</subfield><subfield code="0">(OCoLC)fst01214941</subfield></datafield><datafield ind1=" " ind2="7" tag="651"><subfield code="a">Indiana</subfield><subfield code="z">North Vernon.</subfield><subfield code="2">fast</subfield><subfield code="0">(OCoLC)fst01237916</subfield></datafield><datafield ind1=" " ind2="7" tag="655"><subfield code="a">Newspapers.</subfield><subfield code="2">fast</subfield><subfield code="0">(OCoLC)fst01423814</subfield></datafield><datafield ind1=" " ind2=" " tag="752"><subfield code="a">United States</subfield><subfield code="b">Indiana</subfield><subfield code="c">Jennings</subfield><subfield code="d">North Vernon.</subfield></datafield><datafield ind1="0" ind2="4" tag="780"><subfield code="t">Plain dealer (North Vernon, Ind.)</subfield><subfield code="w">(DLC)sn 85047766</subfield><subfield code="w">(OCoLC)11911961</subfield></datafield><datafield ind1="0" ind2="4" tag="780"><subfield code="t">Republican (North Vernon, Ind.)</subfield><subfield code="w">(DLC)sn 85047765</subfield><subfield code="w">(OCoLC)11911874</subfield></datafield><datafield ind1="0" ind2="7" tag="785"><subfield code="t">Jennings County news</subfield><subfield code="w">(DLC)sn 85047762</subfield><subfield code="w">(OCoLC)11912070</subfield></datafield><datafield ind1="0" ind2="7" tag="785"><subfield code="t">Plain dealer, Republican, Jennings County news</subfield><subfield code="w">(DLC)sn 85047767</subfield><subfield code="w">(OCoLC)11912281</subfield></datafield><datafield ind1="4" ind2="1" tag="856"><subfield code="u">https://access.newspaperarchive.com/us/indiana/north-vernon/north-vernon-plain-dealer/</subfield></datafield></record>